<record><leader>00000cas a22000007a 4500</leader><controlfield tag="001">38538310</controlfield><controlfield tag="008">980303d19401941ncuwr ne      0    0eng d</controlfield><datafield ind1=" " ind2=" " tag="010"><subfield code="a">sn 97064606 </subfield></datafield><datafield ind1=" " ind2=" " tag="040"><subfield code="a">NVJ</subfield><subfield code="b">eng</subfield><subfield code="c">NVJ</subfield><subfield code="d">OCLCQ</subfield></datafield><datafield ind1=" " ind2=" " tag="042"><subfield code="a">msc</subfield></datafield><datafield ind1="0" ind2="0" tag="245"><subfield code="a">Alleghany star-times.</subfield></datafield><datafield ind1=" " ind2=" " tag="260"><subfield code="a">Sparta, Alleghany Co., N.C. :</subfield><subfield code="b">Walter S. Mead</subfield></datafield><datafield ind1=" " ind2=" " tag="300"><subfield code="a">v.</subfield></datafield><datafield ind1=" " ind2=" " tag="310"><subfield code="a">Weekly</subfield></datafield><datafield ind1="0" ind2=" " tag="362"><subfield code="a">Vol. 15, no. 45 (Mar. 21, 1940)-v. 16, no. 13 (Aug. 8, 1940) ; 51st yr., no. 52 (Aug. 15, 1940)-53rd yr., no. 1 (Aug. 28, 1941).</subfield></datafield><datafield ind1=" " ind2=" " tag="500"><subfield code="a">A star appears as part of masthead.</subfield></datafield><datafield ind1=" " ind2=" " tag="752"><subfield code="a">United States</subfield><subfield code="b">North Carolina</subfield><subfield code="c">Alleghany</subfield><subfield code="d">Sparta.</subfield></datafield><datafield ind1="0" ind2="0" tag="780"><subfield code="t">Alleghany times (Sparta, N.C.)</subfield><subfield code="w">(DLC)sn 97064605</subfield></datafield><datafield ind1="0" ind2="7" tag="785"><subfield code="t">Alleghany news (Sparta, N.C.)</subfield><subfield code="w">(DLC)sn 97064607</subfield></datafield><datafield ind1="0" ind2="7" tag="785"><subfield code="t">Alleghany news and star-times</subfield><subfield code="w">(DLC)sn 90057235</subfield></datafield></record>